@article{citation1,
  title={On the positivity set of a linear recurrence},
  author={Bell, J. P. and Gerhold, S.},
  journal={Israel Jour. Math},
  volume={57},
  year={2007},
  publisher={Springer}
}

@book{citation2,
  author = {N. Bourbaki},
  title = {Elements of Mathematics: General Topology (Part 2)},
  year = {1966},
  publisher = {Addison-Wesley}
}

@incollection{citation3,
  title={Some useful bounds},
  author={M. Mignotte},
  booktitle={Computer Algebra},
  year={1982}
}

@article{citation4,
  title={On the computational complexity and geometry of the first-order theory of the reals, part i: Introduction. preliminaries. the geometry of semi-algebraic sets. the decision problem for the existential theory of the reals},
  author={Renegar, James},
  journal={J. Symb. Comput.},
  volume={13},
  pages={255--300},
  year={1992}
}
